<?xml version="1.0" encoding="UTF-8"?><record xmlns="http://www.loc.gov/MARC21/slim" xmlns:cinclude="http://apache.org/cocoon/include/1.0" xmlns:zs="http://www.loc.gov/zing/srw/">
  <leader>00548nz  a2200157n  4500</leader>
  <controlfield tag="001">no2015122860</controlfield>
  <controlfield tag="003">DLC</controlfield>
  <controlfield tag="005">20150916073558.0</controlfield>
  <controlfield tag="008">150915n| azannaabn          |b aaa     c</controlfield>
  <datafield tag="010" ind1=" " ind2=" ">
    <subfield code="a">no2015122860</subfield>
  </datafield>
  <datafield tag="035" ind1=" " ind2=" ">
    <subfield code="a">(OCoLC)oca10269827</subfield>
  </datafield>
  <datafield tag="040" ind1=" " ind2=" ">
    <subfield code="a">NcD</subfield>
    <subfield code="b">eng</subfield>
    <subfield code="e">rda</subfield>
    <subfield code="c">NcD</subfield>
  </datafield>
  <datafield tag="100" ind1="1" ind2=" ">
    <subfield code="a">Yamagishi, Tsuneo,</subfield>
    <subfield code="d">1948-</subfield>
  </datafield>
  <datafield tag="400" ind1="1" ind2=" ">
    <subfield code="a">山岸恒雄,</subfield>
    <subfield code="d">1948-</subfield>
  </datafield>
  <datafield tag="670" ind1=" " ind2=" ">
    <subfield code="a">Sezannu to Tessai</subfield>
    <subfield code="b">t.p. (Yamagishi Tsuneo) colophon (b. 1948 in Itoigawa-shi, Niigata-ken, Japan; Ph.D in Arts from Takarazuka Zōkei Geijutsu Daigaku)</subfield>
  </datafield>
  <datafield tag="667" ind1=" " ind2=" ">
    <subfield code="a">Non-Latin references not evaluated.</subfield>
  </datafield>
</record>